@online{pewnewsplatforms,
  author = {{Pew Research Center}},
  title = {News Platform Fact Sheet},
  year = 2021,
  url = {https://www.pewresearch.org/journalism/fact-sheet/news-platform-fact-sheet/},
  urldate = {2021-04-21}
}

@online{frontiersinpsych2022,
  author = {Xiao Zhang and Shamim Akhter and Abdelmohsen A. Nassani and Mohamed Haffar},
  title = {Title of the article},
  journal = {Frontiers in Psychology},
  year = 2022,
  volume = {13},
  doi = {10.3389/fpsyg.2022.865246},
  url = {https://www.frontiersin.org/journals/psychology/articles/10.3389/fpsyg.2022.865246/full},
  urldate = {2022-05-30}
}

@online{inshorts2018,
  author    = {Inshorts Team},
  title     = {Inshorts - About Us},
  year      = {2018},
  url       = {https://www.inshorts.com/},
  note      = {Accessed: 2024-03-01}
}

@misc{feedlyFeatures,
  title     = {Feedly - More signal, less noise},
  url       = {https://feedly.com},
  note      = {Accessed: 2024-03-01}
}

@misc{flipboardMagazine,
  author    = {Flipboard},
  title     = {Flipboard - Your Personal Magazine},
  url       = {https://flipboard.com},
  note      = {Accessed: 2024-03-01}
}

@misc{django,
  title        = {Django},
  author       = {Django Software Foundation},
  howpublished = {Web Application Framework},
  year         = {2023},
  url          = {https://www.djangoproject.com/}
}

@misc{expressjs,
  title        = {Express.js},
  author       = {TJ Holowaychuk},
  howpublished = {Web Application Framework},
  year         = {2023},
  url          = {https://expressjs.com/}
}

@misc{rubyonrails,
  title        = {Ruby on Rails},
  author       = {David Heinemeier Hansson},
  howpublished = {Web Application Framework},
  year         = {2023},
  url          = {https://rubyonrails.org/}
}

@misc{cookiecutterflask,
  title        = {Cookiecutter Flask},
  author       = {Author Name},  % Replace with actual author(s) or maintainer(s) if known
  howpublished = {Web Application Framework},
  year         = {2023},
  url          = {https://github.com/cookiecutter-flask/cookiecutter-flask}
}
